
@article{rouet:strumpack,
  title = {{A distributed-memory package for dense Hierarchically
    Semi-Separable matrix computations using randomization}},
  author = {Francois-Henry Rouet and Xiaoye S. Li and Pieter Ghysels and
    Artem Napov},
  journal = {ACM Transaction on Mathematical Software},
  volume = {??},
  pages = {??},
  year = 2014
}

@misc{Edison,
  title = {Edison},
  howpublished = {\url{http://www.nersc.gov/users/computational-systems/edison/}}
}

@misc{netlib,
  title = {netlib},
  howpublished = {\url{http://www.netlib.org/}}
}